<?xml version="1.0" encoding="UTF-8"?><collection xmlns="http://www.loc.gov/MARC21/slim"><record><leader>00483nam--2200169-i-4500</leader><controlfield tag="001">000040989</controlfield><controlfield tag="002">20161230</controlfield><controlfield tag="005">20170106171933</controlfield><controlfield tag="008">060222s1000------------r-----000-0-eng-d</controlfield><datafield ind1=" " ind2=" " tag="080"><subfield code="a">621.37.029.6</subfield></datafield><datafield ind1=" " ind2=" " tag="245"><subfield code="a">Selected papers on semiconductor microwave electronics</subfield></datafield><datafield ind1=" " ind2=" " tag="260"><subfield code="a">New York</subfield><subfield code="b">Dover Publ.Inc</subfield><subfield code="c">1964</subfield></datafield><datafield ind1=" " ind2=" " tag="300"><subfield code="a">XI+297 p</subfield></datafield><datafield ind1=" " ind2=" " tag="490"><subfield code="a">Dover Books On Engineering And Engineering Physics</subfield></datafield><datafield ind1=" " ind2=" " tag="700"><subfield code="a">Kurzrok, Richard M</subfield></datafield><datafield ind1=" " ind2=" " tag="852"><subfield code="a">21741</subfield></datafield><datafield ind1=" " ind2=" " tag="CAT"><subfield code="a">SYS</subfield><subfield code="c">20170106</subfield><subfield code="h">171933</subfield></datafield></record></collection>